<?xml version="1.0" encoding="UTF-8"?>
<record xmlns="http://www.loc.gov/MARC21/slim" xmlns:xsi="http://www.w3.org/2001/XMLSchema-instance" xsi:schemaLocation="http://www.loc.gov/MARC21/slim http://www.loc.gov/standards/marcxml/schema/MARC21slim.xsd">
<leader>     nam a2200337 a 4500</leader>
<controlfield tag="001">002315857</controlfield>
<controlfield tag="003">NNU</controlfield>
<controlfield tag="005">20061010172618.0</controlfield>
<controlfield tag="008">960403s1931    ua       b    000 0 araod</controlfield>
<datafield tag="020" ind1=" " ind2=" ">
<subfield code="z">97750509515 :</subfield>
<subfield code="c">£E3.00</subfield>
</datafield>
<datafield tag="035" ind1="9" ind2=" ">
<subfield code="a">NYUb11429569</subfield>
</datafield>
<datafield tag="035" ind1=" " ind2=" ">
<subfield code="a">(NNU)NYUb11429569</subfield>
</datafield>
<datafield tag="035" ind1=" " ind2=" ">
<subfield code="a">(CStRLIN)NYUG96-B1027</subfield>
</datafield>
<datafield tag="040" ind1=" " ind2=" ">
<subfield code="d">CStRLIN</subfield>
<subfield code="d">PU</subfield>
<subfield code="d">MiU</subfield>
</datafield>
<datafield tag="050" ind1=" " ind2="4">
<subfield code="a">HG351</subfield>
<subfield code="b">.J3 1994</subfield>
</datafield>
<datafield tag="050" ind1=" " ind2="4">
<subfield code="a">HG351</subfield>
<subfield code="b">.J38 1931</subfield>
</datafield>
<datafield tag="066" ind1=" " ind2=" ">
<subfield code="c">(3</subfield>
</datafield>
<datafield tag="090" ind1=" " ind2=" ">
<subfield code="a">HG351</subfield>
<subfield code="b">.J38 1931</subfield>
</datafield>
<datafield tag="100" ind1="0" ind2=" ">
<subfield code="a">Jāḥiẓ,</subfield>
<subfield code="d">d. 868 or 9.</subfield>
</datafield>
<datafield tag="240" ind1="1" ind2="0">
<subfield code="a">Tabaṣṣur bi-al-tijārah</subfield>
</datafield>
<datafield tag="245" ind1="1" ind2="0">
<subfield code="a">Kitāb al-tabaṣṣur bi-al-tijārah :</subfield>
<subfield code="b">fī waṣf mā yustaẓrafu fī al-buldān min al-amtiʻah al-rafīʻah wa-al-aʻlāq al-nafīsah wa-al-jawāhir al-thamīnah /</subfield>
<subfield code="c">taʼlīf Abī ʻUthmān ʻAmr ibn Baḥr al-Jāḥiẓ al-Baṣrī ; ʻuniya bi-nashrihi wa-taṣḥīḥihi wa-al-taʻlīq ʻalayhi Ḥasan Ḥusnī ʻAbd al-Wahhāb al-Tūnisī.</subfield>
</datafield>
<datafield tag="246" ind1="3" ind2="0">
<subfield code="a">Tabaṣṣur bi-al-tijārah</subfield>
</datafield>
<datafield tag="250" ind1=" " ind2=" ">
<subfield code="a">al-Ṭabʻah 3.</subfield>
</datafield>
<datafield tag="260" ind1=" " ind2=" ">
<subfield code="a">al-Qāhirah :</subfield>
<subfield code="b">Maktabat al-Khānjī,</subfield>
<subfield code="c">1931.</subfield>
</datafield>
<datafield tag="300" ind1=" " ind2=" ">
<subfield code="a">42 p.</subfield>
<subfield code="c">24 cm.</subfield>
</datafield>
<datafield tag="490" ind1="1" ind2=" ">
<subfield code="a">al-Rasāʼil al-nādirah</subfield>
</datafield>
<datafield tag="546" ind1=" " ind2=" ">
<subfield code="a">In Arabic.</subfield>
</datafield>
<datafield tag="504" ind1=" " ind2=" ">
<subfield code="a">Includes bibliographical references.</subfield>
</datafield>
<datafield tag="650" ind1=" " ind2="0">
<subfield code="a">Commerce</subfield>
<subfield code="x">History.</subfield>
</datafield>
<datafield tag="700" ind1="1" ind2=" ">
<subfield code="a">Tūnisī, Ḥasan Ḥusnī ʻAbd al-Wahhāb.</subfield>
</datafield>
<datafield tag="830" ind1=" " ind2="3">
<subfield code="a">al-Rasāʼil al-nādirah.</subfield>
</datafield>
<datafield tag="OWN" ind1=" " ind2=" ">
<subfield code="a">GENERAL</subfield>
</datafield>
<datafield tag="998" ind1=" " ind2=" ">
<subfield code="e">uhol</subfield>
<subfield code="n">NNU</subfield>
<subfield code="s">1</subfield>
<subfield code="t">c</subfield>
<subfield code="z">p</subfield>
</datafield>
<datafield tag="AVA" ind1=" " ind2=" ">
<subfield code="a">NYU50</subfield>
<subfield code="b">BOBST</subfield>
<subfield code="c">Main Collection</subfield>
<subfield code="d">HG351 .J38 1931</subfield>
<subfield code="e">unavailable</subfield>
<subfield code="t">Unavailable</subfield>
<subfield code="f">1</subfield>
<subfield code="g">1</subfield>
<subfield code="h">N</subfield>
<subfield code="i">2</subfield>
<subfield code="j">MAIN</subfield>
<subfield code="k">0</subfield>
</datafield>
</record>
